@inproceedings{zimroz2009some,
  title={Some remarks on local damage diagnosis in presence of multi-faults and non-stationary operation},
  author={Zimroz, Radoslaw},
  booktitle={The Sixth International Conference CM},
  pages={33--44},
  year={2009}
}
@article{antoni2007fast,
  title={Fast computation of the kurtogram for the detection of transient faults},
  author={Antoni, Jerome},
  journal={Mechanical Systems and Signal Processing},
  volume={21},
  number={1},
  pages={108--124},
  year={2007},
  publisher={Elsevier}
}
@inproceedings{barszcz2013bearings,
  title={Bearings fault detection in gas compressor in presence of high level of non-{G}aussian impulsive noise},
  author={Barszcz, Tomasz and Zimroz, Radoslaw and Urbanek, Jacek and Jab{\l}o{\'n}ski, Adam and Bartelmus, Walter},
  booktitle={Key Engineering Materials},
  volume={569},
  pages={473--480},
  year={2013},
  organization={Trans Tech Publ}
}
@inbook{wodecki2017application,
    title={Application of Independent Component Analysis in Temperature Data Analysis for Gearbox Fault Detection},
    author={Wodecki, Jacek and Stefaniak, Pawe{\l} and Sawicki, Mateusz and Zimroz, Rados{\l}aw},
    booktitle={Cyclostationarity: Theory and Methods III},
    pages={187--198},
    year={2017},
    isbn={978-3-319-51444-4},
    doi={10.1007/978-3-319-51445-1_11},
    publisher={Springer}
}
@article{hyvarinen1997fast,
  title={A fast fixed-point algorithm for independent component analysis},
  author={Hyv{\"a}rinen, Aapo and Oja, Erkki},
  journal={Neural computation},
  volume={9},
  number={7},
  pages={1483--1492},
  year={1997},
  publisher={MIT Press}
}
@article{hyvarinen2000independent,
  title={Independent component analysis: algorithms and applications},
  author={Hyv{\"a}rinen, Aapo and Oja, Erkki},
  journal={Neural networks},
  volume={13},
  number={4-5},
  pages={411--430},
  year={2000},
  publisher={Elsevier}
}
@inproceedings{li2002machine,
  title={Machine diagnosis with independent component analysis and envelope analysis},
  author={Li, Li and Qu, Liangsheng},
  booktitle={Industrial Technology, 2002. IEEE ICIT'02. 2002 IEEE International Conference on},
  volume={2},
  pages={1360--1364},
  year={2002},
  organization={IEEE}
}
@article{he2007detection,
  title={Detection of signal transients using independent component analysis and its application in gearbox condition monitoring},
  author={He, Qingbo and Feng, Zhihua and Kong, Fanrang},
  journal={Mechanical Systems and Signal Processing},
  volume={21},
  number={5},
  pages={2056--2071},
  year={2007},
  publisher={Elsevier}
}
@article{zuo2005feature,
  title={Feature separation using ICA for a one-dimensional time series and its application in fault detection},
  author={Zuo, Ming J and Lin, Jing and Fan, Xianfeng},
  journal={Journal of Sound and Vibration},
  volume={287},
  number={3},
  pages={614--624},
  year={2005},
  publisher={Elsevier}
}
@inproceedings{lee2001algorithms,
  title={Algorithms for non-negative matrix factorization},
  author={Lee, Daniel  and Seung,  Sebastian},
  booktitle={Advances in neural information processing systems},
  pages={556--562},
  year={2001}
}
@article{lee1999learning,
  title={Learning the parts of objects by non-negative matrix factorization},
  author={Lee, Daniel D and Seung, H Sebastian},
  journal={Nature},
  volume={401},
  number={6755},
  pages={788--791},
  year={1999},
  publisher={Nature Publishing Group}
}
@inproceedings{zdunek2008data,
  title={Data clustering with semi-binary nonnegative matrix factorization},
  author={Zdunek, Rafal},
  booktitle={International Conference on Artificial Intelligence and Soft Computing},
  pages={705--716},
  year={2008},
  organization={Springer}
}
@article{wang2013nonnegative,
  title={Nonnegative matrix factorization: A comprehensive review},
  author={Wang, Yu-Xiong and Zhang, Yu-Jin},
  journal={IEEE Transactions on Knowledge and Data Engineering},
  volume={25},
  number={6},
  pages={1336--1353},
  year={2013},
  publisher={IEEE}
}
@article{ding2010convex,
  title={Convex and semi-nonnegative matrix factorizations},
  author={Ding, Chris HQ and Li, Tao and Jordan, Michael I},
  journal={IEEE transactions on pattern analysis and machine intelligence},
  volume={32},
  number={1},
  pages={45--55},
  year={2010},
  publisher={IEEE}
}
@book{cichocki2009nonnegative,
  title={Nonnegative matrix and tensor factorizations: applications to exploratory multi-way data analysis and blind source separation},
  author={Cichocki, Andrzej and Zdunek, Rafal and Phan, Anh Huy and Amari, Shun-ichi},
  year={2009},
  publisher={John Wiley \& Sons}
}
@book{lawson1995solving,
  title={Solving least squares problems},
  author={Lawson, Charles L and Hanson, Richard J},
  volume={15},
  year={1995},
  publisher={Sociaty for Industrial and Applied Mathematics}
}
@article{treumann2014beyond,
  title={Beyond {G}ibbs-{B}oltzmann-{S}hannon: general entropiesâ€”the {G}ibbs-{L}orentzian example},
  author={Treumann, Rudolf A and Baumjohann, Wolfgang},
  journal={Frontiers in Physics},
  volume={2},
  pages={49},
  year={2014},
  publisher={Frontiers}
}
@book{darwin2008origin,
  title={On the Origin of Species by Means of Natural Selection},
  author={Darwin, Charles},
  year={1969},
  publisher={Culture et Civilisation}
}
@phdthesis{bagley1967behavior,
  title={The behavior of adaptive systems which employ genetic and correlation algorithms},
  school={University of Michigan},
  author={Bagley, John Daniel},
  year={1967}
}
@book{holland1992adaptation,
  title={Adaptation in natural and artificial systems: an introductory analysis with applications to biology, control, and artificial intelligence},
  author={Holland, John H},
  year={1992},
  publisher={MIT press}
}
@book{holland1989induction,
  title={Induction: {P}rocesses of inference, learning, and discovery},
  author={Holland, John H},
  year={1989},
  publisher={MIT Press}
}
@book{mitchell1998introduction,
  title={An introduction to genetic algorithms},
  author={Mitchell, Melanie},
  year={1998},
  publisher={MIT press}
}
@book{fletcher2013practical,
  title={Practical methods of optimization},
  author={Fletcher, Roger},
  year={2013},
  publisher={John Wiley \& Sons}
}
@book{oppenheim1999discrete,
  title={Discrete-time signal processing},
  author={Oppenheim, Alan V},
  year={1999},
  publisher={Pearson Education India}
}
@article{makowski2014new,
  title={New techniques of local damage detection in machinery based on stochastic modelling using adaptive {S}chur filter},
  author={Makowski, Ryszard and Zimroz, Radoslaw},
  journal={Applied Acoustics},
  volume={77},
  pages={130--137},
  year={2014},
  publisher={Elsevier}
}
@article{makowski2013procedure,
  title={A procedure for weighted summation of the derivatives of reflection coefficients in adaptive {S}chur filter with application to fault detection in rolling element bearings},
  author={Makowski, Ryszard and Zimroz, Radoslaw},
  journal={Mechanical Systems and Signal Processing},
  volume={38},
  number={1},
  pages={65--77},
  year={2013},
  publisher={Elsevier}
}
@inproceedings{nilsson2003digital,
  title={Digital filter design of {IIR} filters using real valued genetic algorithm},
  author={Nilsson, Mikael and Dahl, Mattias and Claesson, Ingvar},
  booktitle={WSEAS},
  year={2003}
}
@article{wodecki2017local,
  title={Local fault detection of rolling element bearing components by spectrogram clustering with {S}emi-{B}inary {NMF}},
  author={Wodecki, Jacek and Zdunek, Rafa{\l} and Wy{\l}oma{\'n}ska, Agnieszka and Zimroz, Rados{\l}aw},
  journal={Diagnostyka},
  volume={18},
  number={1},
  pages={3--8},
  year={2017}
}
@article{wodecki2018optimal,
title={Optimal filter design with progressive genetic algorithm for local damage detection in rolling bearings},
author={Wodecki, Jacek and Michalak, Anna and Zimroz, Rados{\l}aw},
journal={Mechanical Systems and Signal Processing},
pages={102--116},
year={2018},
volume={102},
publisher={Elsevier}
}
@incollection{wodecki2018unsupervised,
title={Unsupervised Anomaly Detection for Conveyor Temperature SCADA Data},
author={Wodecki, Jacek and Stefaniak, Pawe{\l} and Polak, Marta and Zimroz, Rados{\l}aw},
booktitle={Advances in Condition Monitoring of Machinery in Non-Stationary Operations},
pages={361--369},
year={2018},
volume={9},
publisher={Springer}
}
@article{allen1977short,
  title={Short term spectral analysis, synthesis, and modification by discrete {F}ourier transform},
  author={Allen, Jonathan},
  journal={IEEE Transactions on Acoustics, Speech, and Signal Processing},
  volume={25},
  number={3},
  pages={235--238},
  year={1977},
  publisher={IEEE}
}
@article{antoni2007cyclic,
  title={Cyclic spectral analysis of rolling-element bearing signals: facts and fictions},
  author={Antoni, Jerome},
  journal={Journal of Sound and Vibration},
  volume={304},
  number={3},
  pages={497--529},
  year={2007},
  publisher={Elsevier}
}
@article{sikora2012regime,
  title={Regime variance testing-a quantile approach},
  author={Sikora, Grzegorz and Wy{\l}oma{\'n}ska, Agnieszka and others},
  journal={Acta Physica Polonica B},
  volume={44},
  number={5},
  pages={1015--1035},
  year={2013}
}
@article{wylomanska2014signal,
  title={Signal segmentation for operational regimes detection of heavy duty mining mobile machines-a statistical approach},
  author={Wy{\l}oma{\'n}ska, Agnieszka and Zimroz, Rados{\l}aw},
  journal={Diagnostyka},
  number={2},
  pages={33--42},
  volume={15},
  year={2014}
}
@article{azami2012improved,
  title={An improved signal segmentation using moving average and {S}avitzky-{G}olay filter},
  author={Azami, Hamed and Mohammadi, Karim and Bozorgtabar, Behzad},
  journal={Journal of Signal and Information Processing},
  volume={3},
  number={01},
  pages={39},
  year={2012},
  publisher={Scientific Research Publishing}
}
@inproceedings{rathi2006seeing,
  title={Seeing the unseen: Segmenting with distributions},
  author={Rathi, Yogesh and Michailovich, Oleg and Malcolm, James and Tannenbaum, Allen},
  booktitle={Intl. Conf. Signal and Image Processing},
  volume={534},
  year={2006}
}
@article{wylomanska2012identify,
  title={How to identify the proper model},
  author={Wy{\l}oma{\'n}ska, A},
  journal={Acta Physica Polonica B},
  volume={43},
  number={5},
  pages={1241--1253},
  year={2012}
}
@article{hoyer2004non,
  title={Non-negative matrix factorization with sparseness constraints},
  author={Hoyer, Patrik O},
  journal={Journal of machine learning research},
  volume={5},
  number={Nov},
  pages={1457--1469},
  year={2004}
}
@book{bowman1997applied,
  title={Applied smoothing techniques for data analysis: the kernel approach with S-Plus illustrations},
  author={Bowman, Adrian W and Azzalini, Adelchi},
  volume={18},
  year={1997},
  publisher={OUP Oxford}
}
@book{arce2005nonlinear,
  title={Nonlinear signal processing: a statistical approach},
  author={Arce, Gonzalo R},
  year={2005},
  publisher={John Wiley \& Sons}
}
@inproceedings{devroye1986sample,
  title={Sample-based non-uniform random variate generation},
  author={Devroye, Luc},
  booktitle={Proceedings of the 18th conference on Winter simulation},
  pages={260--265},
  year={1986},
  organization={ACM}
}
@inproceedings{wodecki2016condition,
title={Condition monitoring of loading-haulage-dumping machines based on long-term analysis of temperature data},
author={Wodecki, Jacek and Stefaniak, Pawe{\l} K and {\'S}liwi{\'n}ski, Pawe{\l} and Andrzejewski, Marek},
booktitle={International Multidisciplinary Scientific GeoConference: SGEM: Surveying Geology \& mining Ecology Management},
volume={2},
pages={157--164},
year={2016},
isbn={978-619-7105-56-8},
issn={1314-2704},
doi={10.5593/SGEM2016/B12/S03.021},
publisher={STEF92 Technology Ltd.}
}
@article{massey1951kolmogorov,
  title={The {K}olmogorov--{S}mirnov test for goodness of fit},
  author={Massey Jr, Frank J},
  journal={Journal of the American Statistical Association},
  volume={46},
  number={253},
  pages={68--78},
  year={1951},
  publisher={Taylor \& Francis Group}
}
@article{laio2004cramer,
  title={{C}ramer--von {M}ises and {A}nderson-{D}arling goodness of fit tests for extreme value distributions with unknown parameters},
  author={Laio, Francesco},
  journal={Water Resources Research},
  volume={40},
  number={9},
  year={2004},
  publisher={Wiley Online Library}
}
@article{razali2011power,
  title={Power comparisons of {S}apiro--{W}ilk, {K}olmogorov--{S}mirnov, {L}illiefors and {A}nderson--{D}arling tests},
  author={Razali, Nornadiah Mohd and Wah, Yap Bee and others},
  journal={Journal of Statistical Modeling and Analytics},
  volume={2},
  number={1},
  pages={21--33},
  year={2011}
}
@article{engmann2011comparing,
  title={Comparing distributions: the two-sample {A}nderson--{D}arling test as an alternative to the {K}olmogorov--{S}mirnoff test},
  author={Engmann, Sonja and Cousineau, Denis},
  journal={Journal of Applied Quantitative Methods},
  volume={6},
  number={3},
  pages={1--17},
  year={2011}
}
@article{pettitt1976two,
  title={A two-sample {A}nderson--{D}arling rank statistic},
  author={Pettitt, Ao No},
  journal={Biometrika},
  pages={161--168},
  year={1976},
  publisher={JSTOR}
}
@book{cizek2005statistical,
  title={Statistical tools for finance and insurance},
  author={Cizek, Pavel and H{\"a}rdle, Wolfgang Karl and Weron, Rafa{\l}},
  year={2005},
  publisher={Springer Science \& Business Media}
}
@article{wodecki2017technical,
title={Technical condition change detection using {A}nderson--{D}arling statistic approach for {LHD} machines--engine overheating problem},
author={Wodecki, Jacek and Stefaniak, Pawe{\l} and Michalak, Anna and Wy{\l}oma{\'n}ska, Agnieszka and Zimroz, Rados{\l}aw},
journal={International Journal of Mining, Reclamation and Environment},
volume = {32},
number = {6},
pages = {392-400},
year={2018},
doi = {10.1080/17480930.2017.1388336},
publisher={Taylor \& Francis}
}
@inproceedings{wodecki2017novel,
  title={Novel method of informative frequency band selection for vibration signal using nonnegative matrix factorization of short-time {F}ourier transform},
  author={Wodecki, Jacek and Kruczek, Piotr and Wy{\l}oma{\'n}ska, Agnieszka and Bartkowiak, Anna and Zimroz, Rados{\l}aw},
  booktitle={Diagnostics for Electrical Machines, Power Electronics and Drives (SDEMPED), 2017 IEEE 11th International Symposium on},
  pages={129--133},
  year={2017},
  organization={IEEE}
}
@article{kruczek2017multiple, 
    title={Multiple local damage detection in gearbox by novel coherent bi-frequency map and its spatial, cycle oriented enhancement}, 
    author={Kruczek, Piotr and Obuchowski, Jakub and Wy{\l}oma{\'n}ska, Agnieszka and Zimroz, Radoslaw}, 
    journal={Applied Acoustics}, 
    year={2017}, 
    volume={144},
    pages={23--30},
    publisher={Elsevier} 
}
@article{kruczek2017cyclic,
  title={Cyclic sources extraction from complex multiple-component vibration signal via periodically time varying filter},
  author={Kruczek, Piotr and Obuchowski, Jakub and Wy{\l}oma{\'n}ska, Agnieszka and Zimroz, Radoslaw},
  journal={Applied Acoustics},
  volume={126},
  number={3},
  pages={170--181},
  year={2017},
  publisher={Elsevier}
}
@article{antoni2006spectral,
  title={The spectral kurtosis: a useful tool for characterising non-stationary signals},
  author={Antoni, J{\'e}r{\^o}me},
  journal={Mechanical Systems and Signal Processing},
  volume={20},
  number={2},
  pages={282--307},
  year={2006},
  publisher={Elsevier}
}
@book{benesty2007springer,
  title={Springer handbook of speech processing},
  author={Benesty, Jacob and Sondhi, M Mohan and Huang, Yiteng},
  year={2007},
  publisher={Springer}
}
@article{alan1989discrete,
  title={Discrete-time signal processing},
  author={Oppenheim, Alena V  and Schafer, Ronald W  and Buck, John R},
  journal={New Jersey, Printice Hall Inc},
  year={1999}
}
@article{randall2011rolling,
  title={Rolling element bearing diagnostics - a tutorial},
  author={Randall, Robert B and Antoni, Jerome},
  journal={Mechanical Systems and Signal Processing},
  volume={25},
  number={2},
  pages={485--520},
  year={2011},
  publisher={Elsevier}
}
@article{moore1981principal,
  title={Principal component analysis in linear systems: Controllability, observability, and model reduction},
  author={Moore, Bruce},
  journal={IEEE transactions on automatic control},
  volume={26},
  number={1},
  pages={17--32},
  year={1981},
  publisher={IEEE}
}
@book{krzanowski2000principles,
  title={Principles of multivariate analysis},
  author={Krzanowski, Wojtek},
  volume={23},
  year={2000},
  publisher={OUP Oxford}
}
@article{zimroz2013two,
  title={Two simple multivariate procedures for monitoring planetary gearboxes in non-stationary operating conditions},
  author={Zimroz, Radoslaw and Bartkowiak, Anna},
  journal={Mechanical Systems and Signal Processing},
  volume={38},
  number={1},
  pages={237--247},
  year={2013},
  publisher={Elsevier}
}
@article{sawicki2015automatic,
  title={An automatic procedure for multidimensional temperature signal analysis of a SCADA system with application to belt conveyor components},
  author={Sawicki, Mateusz and Zimroz, Radoslaw and Wy{\l}oma{\'n}ska, A and Obuchowski, Jakub and Stefaniak, Pawel and {\.Z}ak, Grzegorz},
  journal={Procedia Earth and Planetary Science},
  volume={15},
  pages={781--790},
  year={2015},
  publisher={Elsevier}
}
@article{cempel2007multidimensional,
  title={Multidimensional condition monitoring of machines in non-stationary operation},
  author={Cempel, Czes{\l}aw and Tabaszewski, Maciej},
  journal={Mechanical Systems and Signal Processing},
  volume={21},
  number={3},
  pages={1233--1241},
  year={2007},
  publisher={Elsevier}
}
@article{bartkowiak2014dimensionality,
  title={Dimensionality reduction via variables selection--Linear and nonlinear approaches with application to vibration-based condition monitoring of planetary gearbox},
  author={Bartkowiak, A and Zimroz, R},
  journal={Applied Acoustics},
  volume={77},
  pages={169--177},
  year={2014},
  publisher={Elsevier}
}
@article{zimroz2014diagnostics,
  title={Diagnostics of bearings in presence of strong operating conditions non-stationarityâ€”A procedure of load-dependent features processing with application to wind turbine bearings},
  author={Zimroz, Radoslaw and Bartelmus, Walter and Barszcz, Tomasz and Urbanek, Jacek},
  journal={Mechanical systems and signal processing},
  volume={46},
  number={1},
  pages={16--27},
  year={2014},
  publisher={Elsevier}
}
@book{kaufman2009finding,
  title={Finding groups in data: an introduction to cluster analysis},
  author={Kaufman, Leonard and Rousseeuw, Peter J},
  volume={344},
  year={2009},
  publisher={John Wiley \& Sons}
}
@article{rousseeuw1987silhouettes,
  title={Silhouettes: a graphical aid to the interpretation and validation of cluster analysis},
  author={Rousseeuw, Peter J},
  journal={Journal of computational and applied mathematics},
  volume={20},
  pages={53--65},
  year={1987},
  publisher={Elsevier}
}
@article{samuel_pines,
  title   = "A review of vibration-based techniques for helicopter transmission diagnostics",
  journal = "Journal of Sound Vibration",
  volume  = "282",
  number  = "1-2",
  pages   = "475-508",
  year    = "2005",
  author  = "P.D. Samuel and D.J. Pines"
}
@inproceedings{forrester,
author="B. D. Forrester",
title="Use of the {W}ignerâ€“{V}ille distribution in helicopter transmission fault detection",
booktitle="Proceedings of the Australian Symposium on Signal Processing and Applications-ASSPA 89",
year="1989",
pages="78â€“82"
}
@inproceedings{forrester2,
author="B. D. Forrester",
title="Analysis of gear vibration in the timeâ€“frequency domain",
booktitle="Proceedings of the 44th Meeting of the Society for Machinery Failure Prevention Technology (MFPT)",
year="1990",
pages="225â€“234"
}
@article{samuel2,
author="P.D. Pines and D.J. Pines and D.G. Lewicki",
title="A comparison of stationary and non-stationary transforms for detecting faults in helicopter gearboxes",
journal="Journal of the American Helicopter Society",
year="2000",
volume="45",
number="2",
pages="125-136"
}
@article{nasa1,
author="F.K. Choy and S. Huang and J.J. Zakrajsek and R.F. Handschuh and D. Townsend",
title="Vibration signature analysis of a faulted gear transmission system",
journal="Technical Report NASA TM-106623, NASA",
year="1994"
}
@article{staszewski,
author="W.J. Staszewski and G.R. Tomlinson",
journal="Mechanical Systems and Signal Processing",
year="1994",
pages="289-307",
title="Application of the wavelet transform to fault detection in a spur gear"
}

@inproceedings{samuel3,
author="P.D. Pines and D.J. Pines",
title="Health monitoring/damage detection of a rotorcraft planetary geartrain using piezoelectric sensors",
booktitle="Proceedings of SPIE's Fourth Annual Symposium on Smart Structures and Materials",
year="1997",
pages="44-53"
}

@article{neural1,
author="J. Macintyre and P. Smith and T. Harris and A. Brason",
journal="Engineering Systems Design and Analysis",
year="1994",
volume="100",
pages="507-512",
title="Neural networks for intelligent machinery diagnostics"
}

@inproceedings{neural2,
author="J.E. Lopez and I.A. Farber-Yeldman and K.A. Oliver and M.W. Protz",
title="Hierarchical neural networks for improved fault detection using multiple sensors",
booktitle="Proceedings of the American Helicopter Society 52nd Annual Forum",
year="1996",
pages="1752-1758"
}
@article{WANG1996927,
title = "APPLICATION OF WAVELETS TO GEARBOX VIBRATION SIGNALS FOR FAULT DETECTION",
journal = "Journal of Sound and Vibration",
volume = "192",
number = "5",
pages = "927 - 939",
year = "1996",
author = "W.J. Wang and P.D. McFadden"
}
@article{antoni_randall,
  title   = " The spectral kurtosis: application to the vibratory surveillance and diagnostics of rotating machines",
  journal = "Mechanical Systems and Signal Processing",
  volume  = "20",
 number="2",
  pages   = "308-331",
  year    = "2006",
  author  = "J. Antoni and R.B. Randall"
}
@article{obuch3,
  title   = "The local maxima method for enhancement of time-frequency map and its application to local damage detection in rotating machines",
  journal = "Mechanical Systems and Signal Processing",
  volume  = "46",
  number  = "2",
  pages   = "389-405",
  year    = "2014",
  author  = "J. Obuchowski and A. WyÅ‚omaÅ„ska and R. Zimroz"
}
@article{antoni2,
  title   = "Fast computation of the kurtogram for the detection of transient faults",
  journal = "Mechanical Systems and Signal Processing",
  volume  = "21",

  pages   = "108-124",
  year    = "2007",
  author  = "J. Antoni"
}
@article{barszcz_mssp,
title = "A novel method for the optimal band selection for vibration signal demodulation and comparison with the Kurtogram",
journal = "Mechanical Systems and Signal Processing",
volume = "25",
number = "1",
pages = "431 - 451",
year = "2011",
author = "Tomasz Barszcz and Adam JabÅ‚oÅ„ski"
}
@article{urbanek2014integrated,
  title={Integrated modulation intensity distribution as a practical tool for condition monitoring},
  author={Urbanek, Jacek and Barszcz, Tomasz and Antoni, Jerome},
  journal={Applied Acoustics},
  volume={77},
  pages={184--194},
  year={2014},
  publisher={Elsevier}
}
@article{URBANEK2012399,
title = "Detection of signal component modulations using modulation intensity distribution",
journal = "Mechanical Systems and Signal Processing",
volume = "28",
number = "Supplement C",
pages = "399 - 413",
year = "2012",
author = "Jacek Urbanek and Jerome Antoni and Tomasz Barszcz"
}
@article{antoni3,
  title   = "Cyclostationarity by examples",
  journal = "Mechanical Systems and Signal Processing",
  volume  = "23",
  number  = "4",
  pages   = "987-1036",
  year    = "2009",
  author  = "J. Antoni"
}
@article{mcfadden_bearings,
title = "Model for the vibration produced by a single point defect in a rolling element bearing",
journal = "Journal of Sound and Vibration",
volume = "96",
number = "1",
pages = "69 - 82",
year = "1984",
author = "P.D. McFadden and J.D. Smith"
}
@article{AYE20151779,
title = "Fault detection of slow speed bearings using an integrated approach",
journal = "IFAC-PapersOnLine",
volume = "48",
number = "3",
pages = "1779 - 1784",
year = "2015",
author = "Sylvester A. Aye and P. Stephan Heyns and Coenie J.H. Thiart"
}

@article{COCCONCELLI2012667,
title = "An algorithm to diagnose ball bearing faults in servomotors running arbitrary motion profiles",
journal = "Mechanical Systems and Signal Processing",
volume = "27",
pages = "667 - 682",
year = "2012",
author = "Marco Cocconcelli and Luca Bassi and Cristian Secchi and Cesare Fantuzzi and Riccardo Rubini"
}

@article{braun_tsa,
title = "The synchronous (time domain) average revisited",
journal = "Mechanical Systems and Signal Processing",
volume = "25",
number = "4",
pages = "1087 - 1102",
year = "2011",
author = "S. Braun"
}
@ARTICLE{Wang201774,
author={Wang, Z. and Guo, Y. and Cao, Y. and Wu, X.},
title={Fault detection method of a sun gear based on windowed synchronous average in angle domain},
journal={Zhendong yu Chongji/Journal of Vibration and Shock},
year={2017},
volume={36},
number={13},
pages={74-79}
}
@article{chaturvedi,
author="G.K. Chaturvedi and D.W. Thomas",
journal="Journal of Sound and Vibration",
year="1981",
volume="76",
number="3",
pages="391-405",
title="Adaptive noise cancelling and condition monitoring"
}
@article{adaptive_filtering,
title = "Detection of rolling element bearing defects by adaptive filtering",
journal = "European Journal of Mechanics - A/Solids",
volume = "24",
number = "2",
pages = "293 - 303",
year = "2005",
author = "Imed Khemili and Mnaouar Chouchane"
}
@article{zimroz_bartelmus,
   title = "Application of adaptive filtering for weak impulsive signal recovery for bearings local damage detection in complex mining mechanical systems working under 
condition of varying load",
   journal = "Diffusion and Defect Data Pt.B: Solid State Phenomena",
   volume = "180",
   pages = "250-257",
   year = "2012",
   author  = "R. Zimroz and W. Bartelmus"
}
@ARTICLE{Gelman2005461,
author={Gelman, L. and Zimroz, R. and Birkel, J. and Leigh-Firbank, H. and Simms, D. and Waterland, B. and Whitehurst, G.},
title={Adaptive vibration condition monitoring technology for local tooth damage in gearboxes},
journal={Insight: Non-Destructive Testing and Condition Monitoring},
year={2005},
volume={47},
number={8},
pages={461-464}
}
@article{jurdziak,
title="Lepiej zapobiegaÄ‡ niÅ¼... pÅ‚aciÄ‡ : dlaczego diagnostyka maszyn siÄ™ opÅ‚aca i ile moÅ¼na na tym zaoszczÄ™dziÄ‡? ",
journal="Surowce i maszyny budowlane",
author="L. Jurdziak and R. Zimroz",
volume="6",
pages="32-38",
year="2014"
}
@article{cempel2008generalized,
  title={Generalized singular value decomposition in multidimensional condition monitoring of systems},
  author={Cempel, Czes{\l}aw},
  journal={Diagnostyka},
  volume={47},
  number={3},
  pages={23--30},
  year={2008}
}
@article{cempel2008decomposition,
  title={Decomposition of the symptom observation matrix and grey forecasting in vibration condition monitoring of machines},
  author={Cempel, Czes{\l}aw},
  journal={International Journal of Applied Mathematics and Computer Science},
  volume={18},
  number={4},
  pages={569--580},
  year={2008},
  publisher={Versita}
}
@book{golub2012matrix,
  title={Matrix computations},
  author={Golub, Gene H and Van Loan, Charles F},
  volume={3},
  year={2012},
  publisher={JHU press}
}
@book{johnson1985matrix,
  title={Matrix analysis},
  author={Johnson, Charles R and Horn, Roger A},
  year={1985},
  publisher={Cambridge university press Cambridge}
}
@book{householder2013theory,
  title={The theory of matrices in numerical analysis},
  author={Householder, Alston S},
  year={2013},
  publisher={Courier Corporation}
}
@Article{freedman1981,
author="Freedman, David
and Diaconis, Persi",
title="On the histogram as a density estimator:L2 theory",
journal="Zeitschrift f{\"u}r Wahrscheinlichkeitstheorie und Verwandte Gebiete",
year="1981",
month="Dec",
day="01",
volume="57",
number="4",
pages="453--476",
issn="1432-2064",
doi="10.1007/BF01025868",
url="https://doi.org/10.1007/BF01025868"
}

@article{metropolis1987beginning,
  title={The beginning of the {M}onte {C}arlo method},
  author={Metropolis, Nicholas and others},
  journal={Los Alamos Science},
  volume={15},
  number={584},
  pages={125--130},
  year={1987}
}
@article{jedlinski2015early,
  title={Early fault detection in gearboxes based on support vector machines and multilayer perceptron with a continuous wavelet transform},
  author={Jedli{\'n}ski, {\L}ukasz and Jonak, J{\'o}zef},
  journal={Applied Soft Computing},
  volume={30},
  pages={636--641},
  year={2015},
  publisher={Elsevier}
}
@article{jedlinski2017disassembly,
  title={A disassembly-free method for evaluation of spiral bevel gear assembly},
  author={Jedli{\'n}ski, {\L}ukasz and Jonak, J{\'o}zef},
  journal={Mechanical Systems and Signal Processing},
  volume={88},
  pages={399--412},
  year={2017},
  publisher={Elsevier}
}

@article{bartelmus,
title = "A new feature for monitoring the condition of gearboxes in non-stationary operating conditions",
journal = "Mechanical Systems and Signal Processing",
volume = "23",
number = "5",
pages = "1528 - 1534",
year = "2009",
author = "W. Bartelmus and R. Zimroz"
}
@article{zim_barszcz_mssp,
title = "Diagnostics of bearings in presence of strong operating conditions non-stationarityâ€”A procedure of load-dependent features processing with application to wind turbine bearings",
journal = "Mechanical Systems and Signal Processing",
volume = "46",
number = "1",
pages = "16 - 27",
year = "2014",
author = "RadosÅ‚aw Zimroz and Walter Bartelmus and Tomasz Barszcz and Jacek Urbanek"
}
@article{rozsz_jve_16,
title="Application of the wavelet transform in machine condition monitoring and fault diagnostics: a review with bibliography",
journal = "Mechanical Systems and Signal Processing",
volume = "18",
number="2",
pages= "199-221",
year= "2004",
author  = "Z.K. Peng and F.L. Chu"
}

@article{linzuo,
title = "GEARBOX FAULT DIAGNOSIS USING ADAPTIVE WAVELET FILTER",
journal = "Mechanical Systems and Signal Processing",
volume = "17",
number = "6",
pages = "1259 - 1269",
year = "2003",
author = "J. Lin and M.J. Zuo"
}
@article{MIAO2007840,
title = "Condition monitoring and classification of rotating machinery using wavelets and hidden {M}arkov models",
journal = "Mechanical Systems and Signal Processing",
volume = "21",
number = "2",
pages = "840 - 855",
year = "2007",
author = "Qiang Miao and Viliam Makis"
}
@article{WANG20101570,
title = "A wavelet approach to fault diagnosis of a gearbox under varying load conditions",
journal = "Journal of Sound and Vibration",
volume = "329",
number = "9",
pages = "1570 - 1585",
author="X. Wang and V. Makis and M. Yang",
year = "2010",
url = "http://www.sciencedirect.com/science/article/pii/S0022460X09009225"
}
@article{ALBADOUR20112083,
title = "Vibration analysis of rotating machinery using timeâ€“frequency analysis and wavelet techniques",
journal = "Mechanical Systems and Signal Processing",
volume = "25",
number = "6",
pages = "2083 - 2101",
year = "2011",
note = "Interdisciplinary Aspects of Vehicle Dynamics",
author = "F. Al-Badour and M. Sunar and L. Cheded"
}
@article{RUBINI2001287,
title = "Application of the envelope and wavelet transform analyses for the diagnosis of incipient faults in ball bearings",
journal = "Mechanical Systems and Signal Processing",
volume = "15",
number = "2",
pages = "287 - 302",
year = "2001",
author = "R. Rubini and U. Meneghetti"
}

@article{metropolis1949monte,
  title={The {M}onte {C}arlo method},
  author={Metropolis, Nicholas and Ulam, Stanislaw},
  journal={Journal of the American statistical association},
  volume={44},
  number={247},
  pages={335--341},
  year={1949},
  publisher={Taylor \& Francis}
}
@article{burdzik2019multidimensional,
  title={Multidimensional identification of resonances analysis of strongly nonstationary signals, case study: Diagnostic and condition monitoring of vehicle's suspension system},
  author={Burdzik, Rafa{\l}},
  journal={Applied Acoustics},
  volume={144},
  pages={51--63},
  year={2019},
  publisher={Elsevier}
}
@article{burdzik2018application,
  title={Application of time-frequency method for research on influence of locomotive wheel slip on vibration},
  author={Burdzik, Rafa{\l} and Konieczny, {\L}ukasz and Deuszkiewicz, Piotr and Vaskova, Iveta},
  journal={Journal of Vibroengineering},
  volume={20},
  number={8},
  pages={2998--3008},
  year={2018},
  publisher={JVE International Ltd.}
}
@article{burdzik2013research,
  title={Research on structure, propagation and exposure to general vibration in passenger car for different damping parameters},
  author={Burdzik, Rafa{\l} and Konieczny, {\L}ukasz},
  journal={Journal of vibroengineering},
  volume={15},
  number={4},
  pages={1680--1688},
  year={2013},
  publisher={Vibroengineering}
}

@article{stander2002using,
  title={Using vibration monitoring for local fault detection on gears operating under fluctuating load conditions},
  author={Stander, CJ and Heyns, PS and Schoombie, W},
  journal={Mechanical Systems and Signal Processing},
  volume={16},
  number={6},
  pages={1005--1024},
  year={2002},
  publisher={Elsevier}
}
@article{scheffer2001wear,
  title={Wear monitoring in turning operations using vibration and strain measurements},
  author={Scheffer, C and Heyns, PS},
  journal={Mechanical systems and signal processing},
  volume={15},
  number={6},
  pages={1185--1202},
  year={2001},
  publisher={Elsevier}
}
@article{wang2011combined,
  title={The combined use of order tracking techniques for enhanced {F}ourier analysis of order components},
  author={Wang, KeSheng and Heyns, Philippus Stephanus},
  journal={Mechanical systems and signal processing},
  volume={25},
  number={3},
  pages={803--811},
  year={2011},
  publisher={Elsevier}
}
@article{herzog2009machine,
  title={Machine and component residual life estimation through the application of neural networks},
  author={Herzog, Michael Andreas and Marwala, Tshilidzi and Heyns, Philippus Stephanus},
  journal={Reliability Engineering \& System Safety},
  volume={94},
  number={2},
  pages={479--489},
  year={2009},
  publisher={Elsevier}
}
@article{wang2012application,
  title={The application of order tracking for vibration analysis of a varying speed rotor with a propagating transverse crack},
  author={Wang, KS and Guo, D and Heyns, Philippus Stephanus},
  journal={Engineering Failure Analysis},
  volume={21},
  pages={91--101},
  year={2012},
  publisher={Elsevier}
}
@article{wang2009vold,
  title={Vold-{K}alman filter order tracking in vibration monitoring of electrical machines},
  author={Wang, KS and Heyns, PS},
  journal={Journal of Vibration and Control},
  volume={15},
  number={9},
  pages={1325--1347},
  year={2009},
  publisher={SAGE Publications Sage UK: London, England}
}

@article{ngwangwa2014reconstruction,
  title={Reconstruction of road defects and road roughness classification using Artificial Neural Networks simulation and vehicle dynamic responses: Application to experimental data},
  author={Ngwangwa, Harry Magadhlela and Heyns, Philippus Stephanus and Breytenbach, Hendrik Gerhardus Abraham and Els, Pieter Schalk},
  journal={Journal of Terramechanics},
  volume={53},
  pages={1--18},
  year={2014},
  publisher={Elsevier}
}
@article{combet2009optimal,
  title={Optimal filtering of gear signals for early damage detection based on the spectral kurtosis},
  author={Combet, F and Gelman, L},
  journal={Mechanical Systems and Signal Processing},
  volume={23},
  number={3},
  pages={652--668},
  year={2009},
  publisher={Elsevier}
}
@article{combet2012novel,
  title={Novel detection of local tooth damage in gears by the wavelet bicoherence},
  author={Combet, F and Gelman, L and LaPayne, G},
  journal={Mechanical Systems and Signal Processing},
  volume={26},
  pages={218--228},
  year={2012},
  publisher={Elsevier}
}
@article{peter2001wavelet,
  title={Wavelet analysis and envelope detection for rolling element bearing fault diagnosisâ€”their effectiveness and flexibilities},
  author={Peter, W Tse and Peng, YH and and Yam, Richard},
  journal={Journal of vibration and acoustics},
  volume={123},
  number={3},
  pages={303--310},
  year={2001},
  publisher={American Society of Mechanical Engineers}
}
@article{PENG2005974,
title = "A comparison study of improved Hilbertâ€“Huang transform and wavelet transform: Application to fault diagnosis for rolling bearing",
journal = "Mechanical Systems and Signal Processing",
volume = "19",
number = "5",
pages = "974 - 988",
year = "2005",
issn = "0888-3270",
doi = "https://doi.org/10.1016/j.ymssp.2004.01.006",
url = "http://www.sciencedirect.com/science/article/pii/S0888327004000111",
author = "Z.K. Peng and Peter W. Tse and F.L. Chu"}

@article{gellermann2003requirements,
  title={Requirements for condition monitoring systems for wind turbines},
  author={Gellermann, T and Walter, G},
  journal={AZT Expertentage},
  volume={10},
  number={11.11},
  year={2003}
}
@article{lloyd2007richtlinien,
  title={Richtlinien f{\"u}r die Zertifizierung von Condition Monitoring Systemen f{\"u}r Windenergieanlagen},
  author={Lloyd, Germanischer},
  journal={Vorschriften und Richtlinien, Selbstverlag Germanischer Lloyd},
  year={2007}
}
@article{cempel2003holistyczne,
  title={Holistyczne modele proces{\'o}w degradacji w systemach mechanicznych-przegl{\k{a}}d},
  author={Cempel, C},
  journal={Diagnostyka},
  volume={29},
  pages={7--14},
  year={2003}
}
@techreport{junnuri2015engine,
  title={Engine Coolant Temperature Modeling for Control and Diagnostics},
  author={Junnuri, Ramesh Kumar and Kamat, Amit and Tanpure, Tushar and Hamano, Keisuke and Kobayashi, Hideaki and Abe, Hiroshi},
  year={2015},
  institution={SAE Technical Paper}
}

@article{guo2011wind,
  title={Wind turbine generator condition-monitoring using temperature trend analysis},
  author={Guo, Peng and Infield, David and Yang, Xiyun},
  journal={IEEE Transactions on sustainable energy},
  volume={3},
  number={1},
  pages={124--133},
  year={2011},
  publisher={IEEE}
}
@article{astolfi2014fault,
  title={Fault prevention and diagnosis through SCADA temperature data analysis of an onshore wind farm},
  author={Astolfi, Davide and Castellani, Francesco and Terzi, Ludovico},
  journal={Diagnostyka},
  volume={15},
  year={2014}
}
@article{Nembhard2013,
	author = {Nembhard, A. D. and Sinha, J. K. and Pinkerton, A. J. and Elbhbah, K.},
	journal = {Diagnostyka},
	keywords = {vibration monitoring; condition monitoring; rotating machinery; fault diagnosis; principal component analysis},
	pages = {45--51},
	title = {Fault diagnosis of rotating machines using vibration and bearing temperature measurements},
	volume = {Vol. 14, No. 3},
	year = {2013},
}
@article{Nembhard2013b,
author = {Adrian D Nembhard and Jyoti K Sinha and Andrew J Pinkerton and Keri Elbhbah},
title ={Combined vibration and thermal analysis for the condition monitoring of rotating machinery},
journal = {Structural Health Monitoring},
volume = {13},
number = {3},
pages = {281-295},
year = {2014},
doi = {10.1177/1475921714522843},
}
@inproceedings{zhang2012research, title={The research of distribute temperature monitoring system early warning fire in coal belt conveyor}, author={Zhang, Xi and Fan, Tian Nan}, booktitle={Advanced Materials Research}, volume={548}, pages={890--892}, year={2012}, organization={Trans Tech Publ} }
 
@inproceedings{eliasson2013internet, title={An internet of things approach for intelligent monitoring of conveyor belt rollers}, author={Eliasson, Jens and Kyusakov, Rumen and Martinsson, P{\"a}r-Erik}, booktitle={International Conference on Condition Monitoring and Machinery Failure Prevention Technologies: 18/06/2013-20/06/2013}, volume={2}, pages={1096--1104}, year={2013} }

@incollection{bongers2008fault, title={Fault detection and identification for longwall machinery using {SCADA} data}, author={Bongers, Daniel R and Gurgenci, Hal}, booktitle={Complex system maintenance handbook}, pages={611--641}, year={2008}, publisher={Springer} }

@article{wilkinson2014comparison, title={Comparison of methods for wind turbine condition monitoring with {SCADA} data}, author={Wilkinson, Michael and Darnell, Brian and Van Delft, Thomas and Harman, Keir}, journal={IET Renewable Power Generation}, volume={8}, number={4}, pages={390--397}, year={2014}, publisher={IET} }

@article{DAO2018107,
title = "Condition monitoring and fault detection in wind turbines based on cointegration analysis of SCADA data",
journal = "Renewable Energy",
volume = "116",
pages = "107 - 122",
year = "2018",
note = "Real-time monitoring, prognosis and resilient control for wind energy systems",
issn = "0960-1481",
doi = "https://doi.org/10.1016/j.renene.2017.06.089",
url = "http://www.sciencedirect.com/science/article/pii/S0960148117305931",
author = "Phong B. Dao and Wieslaw J. Staszewski and Tomasz Barszcz and Tadeusz Uhl",

}
@Article{Lim2014,
author="Lim, Gang-Min
and Bae, Dong-Myung
and Kim, Joo-Hyung",
title="Fault diagnosis of rotating machine by thermography method on support vector machine",
journal="Journal of Mechanical Science and Technology",
year="2014",
month="Aug",
day="01",
volume="28",
number="8",
pages="2947--2952",
issn="1976-3824",
doi="10.1007/s12206-014-0701-6",
url="https://doi.org/10.1007/s12206-014-0701-6"
}

@INPROCEEDINGS{5608306, 
author={M. {BaraÅ„ski} and A. {Polak}}, 
booktitle={The XIX International Conference on Electrical Machines - ICEM 2010}, 
title={Thermographic diagnostic of electrical machines}, 
year={2010}, 
volume={}, 
number={}, 
pages={1-3}, 
keywords={electric machines;machine testing;thermographic diagnostic;electrical machines thermal tests;relative humidity;reflected temperature;atmospheric temperature;Temperature measurement;Cameras;Atmospheric measurements;Humidity;Current measurement;Laboratories;Temperature;Electric machines;Measurement errors;Motor protection;Thermal image sensors}, 
doi={10.1109/ICELMACH.2010.5608306}, 
ISSN={}, 
month={Sep.},}

@article{11419466920160301,
Author = {Å»ak, Grzegorz and WyÅ‚omaÅ„ska, Agnieszka and Zimroz, RadosÅ‚aw},
ISSN = {13928716},
Journal = {Journal of Vibroengineering},
Number = {2},
Pages = {826 -- 837},
Title = {Data-driven vibration signal filtering procedure based on the Î±-stable distribution.},
Volume = {18},
URL = {http://search.ebscohost.com/login.aspx?direct=true&db=asn&AN=114194669&lang=pl&site=ehost-live&scope=site},
Year = {2016},
}
@Article{Zak2014,
journal="Mining Science",
issn="2300-9586",
volume="21",
year="2014",
title="Novel 2D representation of vibration for local damage detection",
author="Å»ak, Grzegorz
and Obuchowski, Jakub
and WyÅ‚omaÅ„ska, Agnieszka
and Zimroz, RadosÅ‚aw",
pages="105--113",
doi="10.5277/ms142109",
url="http://dx.doi.org/10.5277/ms142109"
}
@article{BORGHESANI2017378,
title = "CS2 analysis in presence of non-Gaussian background noise â€“ Effect on traditional estimators and resilience of log-envelope indicators",
journal = "Mechanical Systems and Signal Processing",
volume = "90",
pages = "378 - 398",
year = "2017",
author = "P. Borghesani and J. Antoni"
} 
@article{TIMUSK20081724,
title = "Fault detection using transient machine signals",
journal = "Mechanical Systems and Signal Processing",
volume = "22",
number = "7",
pages = "1724 - 1749",
year = "2008",
author = "Markus Timusk and Mike Lipsett and Chris K. Mechefske"
}
@article{wodecki2016combination,
  title={Combination of principal component analysis and time-frequency representations of multichannel vibration data for gearbox fault detection.},
  author={Wodecki, Jacek and Stefaniak, Pawel and Obuchowski, Jakub and Wylomanska, Agnieszka and Zimroz, Radoslaw},
  journal={Journal of Vibroengineering},
  volume={18},
  number={4},
  year={2016}
}
@article{wodecki2019impulsive,
  title={Impulsive source separation using combination of Nonnegative Matrix Factorization of bi-frequency map, spatial denoising and Monte Carlo simulation},
  author={Wodecki, Jacek and Michalak, Anna and Zimroz, Rados{\l}aw and Barszcz, Tomasz and Wy{\l}oma{\'n}ska, Agnieszka},
  journal={Mechanical Systems and Signal Processing},
  volume={127},
  pages={89--101},
  year={2019},
  publisher={Elsevier}
}
